<?xml version="1.0" encoding="UTF-8"?><collection xmlns="http://www.loc.gov/MARC21/slim"><record><leader>00331nam--2200133-i-4500</leader><controlfield tag="001">000023862</controlfield><controlfield tag="002">20161230</controlfield><controlfield tag="005">20161230201035</controlfield><controlfield tag="008">060222s1000------------r-----000-0-eng-d</controlfield><datafield ind1=" " ind2=" " tag="080"><subfield code="a">02</subfield></datafield><datafield ind1=" " ind2=" " tag="245"><subfield code="a">Handbook on the int.exchange of publications</subfield></datafield><datafield ind1=" " ind2=" " tag="260"><subfield code="a">Paris, Unesco, 1978. 165 P</subfield></datafield><datafield ind1=" " ind2=" " tag="700"><subfield code="a">Frans Manwijngaerden</subfield></datafield><datafield ind1=" " ind2=" " tag="852"><subfield code="a">47001</subfield></datafield></record></collection>